@article{zyk_pol,
  author = {Zykin, Sergey and Poluyanov, Andrey},
  title = {Multidimensional data building using Intermediate Representations.},
  journal = {Administration problems},
  year = 2013,
  number = 5,
  pages = {54-59}
}

%logic
@article{Afrati06,
  added-at = {2007-02-26T00:00:00.000+0100},
  author = {Afrati, Foto N. and Li, Chen and Mitra, Prasenjit},
  biburl = {http://www.bibsonomy.org/bibtex/2e3380356ba89be5087a933b63b0ea104/dblp},
  date = {2007-02-26},
  description = {dblp},
  ee = {http://dx.doi.org/10.1016/j.tcs.2006.08.020},
  interhash = {708a0de976c1d7b33e0f8be8ba49d3da},
  intrahash = {e3380356ba89be5087a933b63b0ea104},
  journal = {Theor. Comput. Sci.},
  keywords = {dblp},
  number = {1-2},
  pages = {88-123},
  timestamp = {2007-02-26T00:00:00.000+0100},
  title = {Rewriting queries using views in the presence of arithmetic comparisons.},
  volume = 368,
  year = 2006
}

%static approach
@inproceedings{baralis,
  author = {Baralis, Elena and Paraboschi, Stefano and Teniente, Ernest},
  title = {Materialized Views Selection in a Multidimensional Database},
  booktitle = {Proceedings of the 23rd International Conference on Very Large  Data Bases},
  series = {VLDB '97},
  year = {1997},
  isbn = {1-55860-470-7},
  pages = {156--165},
  numpages = {10},
  url = {http://dl.acm.org/citation.cfm?id=645923.671019},
  acmid = {671019},
  publisher = {Morgan Kaufmann Publishers Inc.},
  address = {San Francisco, CA, USA},
}

@inproceedings{shim,
  added-at = {2012-09-20T00:00:00.000+0200},
  author = {Shim, Junho and Scheuermann, Peter and Vingralek, Radek},
  biburl = {http://www.bibsonomy.org/bibtex/2944a3765916b1329227fe680243f3d81/dblp},
  booktitle = {SSDBM},
  cdrom = {DiSC2_1/out/papers/ssdbm/00460254.pdf},
  ee = {http://doi.ieeecomputersociety.org/10.1109/SSDM.1999.787641},
  interhash = {871a0a16da7bc322a2a8fd1d7ed716fa},
  intrahash = {944a3765916b1329227fe680243f3d81},
  keywords = {dblp},
  pages = {254-263},
  timestamp = {2012-09-20T00:00:00.000+0200},
  title = {Dynamic Caching of Query Results for Decision Support Systems.},
  year = 1999
}

@inproceedings{kalnis,
  added-at = {2012-09-14T00:00:00.000+0200},
  author = {Kalnis, Panos and Papadias, Dimitris},
  biburl = {http://www.bibsonomy.org/bibtex/28dd2917a27a525649fec576fcd4d8629/dblp},
  booktitle = {SIGMOD Conference},
  crossref = {conf/sigmod/2001},
  editor = {Mehrotra, Sharad and Sellis, Timos K.},
  ee = {http://doi.acm.org/10.1145/375663.375712},
  interhash = {0e95c0df82c4d036a7478b7d8e90d446},
  intrahash = {8dd2917a27a525649fec576fcd4d8629},
  isbn = {1-58113-332-4},
  keywords = {dblp},
  pages = {367-378},
  publisher = {ACM},
  timestamp = {2012-09-14T00:00:00.000+0200},
  title = {Proxy-Server Architectures for OLAP.},
  year = 2001
}

@article{chang,
  added-at = {2003-12-10T00:00:00.000+0100},
  author = {Park, Chang-Sup and Kim, Myoung-Ho and Lee, Yoon-Joon},
  biburl = {http://www.bibsonomy.org/bibtex/2787b15d60c43833922ceb1b101e7b13b/dblp},
  date = {2003-12-10},
  description = {dblp},
  ee = {http://dx.doi.org/10.1016/S0164-1212(02)00142-5},
  interhash = {51828d90d6a15b0a6ab79b097125131e},
  intrahash = {787b15d60c43833922ceb1b101e7b13b},
  journal = {Journal of Systems and Software},
  keywords = {dblp},
  number = 2,
  pages = {103-119},
  timestamp = {2003-12-10T00:00:00.000+0100},
  title = {Usability-based caching of query results in OLAP systems.},
  volume = 68,
  year = 2003
}

%domain
@article{Keller96,
  added-at = {2012-09-16T00:00:00.000+0200},
  author = {Keller, Arthur M. and Basu, Julie},
  biburl = {http://www.bibsonomy.org/bibtex/2ea67f79bb82da7c1546115a6e1c203d1/dblp},
  cdrom = {VLDBJ5/60050035.pdf},
  cite = {conf/vldb/WilkinsonN90},
  ee = {http://dx.doi.org/10.1007/s007780050014},
  interhash = {e34a1b70902fe8864119cbb7e0c1f9f8},
  intrahash = {ea67f79bb82da7c1546115a6e1c203d1},
  journal = {VLDB J.},
  keywords = {dblp},
  number = 1,
  pages = {35-47},
  timestamp = {2012-09-16T00:00:00.000+0200},
  title = {A Predicate-based Caching Scheme for Client-Server Database Architectures},
  volume = 5,
  year = 1996
}   
