@misc{codd,
  added-at = {2008-03-28T12:11:30.000+0100},
  author = {Codd, E. F. and Codd, S. B. and Salley, C. T.},
  biburl = {http://www.bibsonomy.org/bibtex/2022cc8086c9016d492ea34ef95c68796/stumme},
  interhash = {6e4e09d259563b8dfce44598d28f7c73},
  intrahash = {022cc8086c9016d492ea34ef95c68796},
  keywords = {FCA OntologyHandbook},
  note = {White paper},
  publisher = {E. F. Codd \& Associates},
  timestamp = {2008-03-28T12:11:30.000+0100},
  title = {{Providing OLAP (On-Line Analytical Processing) to User-Analysis:
    An IT Mandate}},
  year = 1993
}

@article{lecht,
  added-at = {2003-11-27T00:00:00.000+0100},
  author = {Lechtenbörger, Jens and Vossen, Gottfried},
  biburl = {http://www.bibsonomy.org/bibtex/2e07077115af08e9005ab4e531e2be34e/dblp},
  date = {2003-11-27},
  description = {dblp},
  ee = {http://dx.doi.org/10.1016/S0306-4379(02)00024-8},
  interhash = {168b800ae32c196677f56938a4ca80df},
  intrahash = {e07077115af08e9005ab4e531e2be34e},
  journal = {Inf. Syst.},
  keywords = {dblp},
  number = 5,
  pages = {415-434},
  timestamp = {2003-11-27T00:00:00.000+0100},
  title = {Multidimensional normal forms for data warehouse design.},
  volume = 28,
  year = 2003
}

@inproceedings{lehner,
  added-at = {2012-09-20T00:00:00.000+0200},
  author = {Lehner, Wolfgang and Albrecht, Jens and Wedekind, Hartmut},
  biburl = {http://www.bibsonomy.org/bibtex/22cf332abff8d047da3a9dc3908c3a79d/dblp},
  booktitle = {SSDBM},
  cdrom = {SSDBM98/P063.pdf},
  cite = {journals/tods/SmithS77},
  crossref = {conf/ssdbm/98},
  editor = {Rafanelli, Maurizio and Jarke, Matthias},
  ee = {http://doi.ieeecomputersociety.org/10.1109/SSDM.1998.688112},
  interhash = {c4ad63de7184f5da77fa551f0e4fbca7},
  intrahash = {2cf332abff8d047da3a9dc3908c3a79d},
  isbn = {0-8186-8575-1},
  keywords = {dblp},
  pages = {63-72},
  publisher = {IEEE Computer Society},
  timestamp = {2012-09-20T00:00:00.000+0200},
  title = {Normal Forms for Multidimensional Databases.},
  year = 1998
}

@article{mazon,
  added-at = {2008-02-22T00:00:00.000+0100},
  author = {Mazón, Jose-Norberto and Trujillo, Juan and Lechtenbörger, Jens},
  biburl = {http://www.bibsonomy.org/bibtex/28c249788c8c2037a35ed60e57a215d44/dblp},
  date = {2008-02-22},
  description = {dblp},
  ee = {http://dx.doi.org/10.1016/j.datak.2007.04.004},
  interhash = {05e9ffca82469ebfc3508bff68abd5ee},
  intrahash = {8c249788c8c2037a35ed60e57a215d44},
  journal = {Data Knowl. Eng.},
  keywords = {dblp},
  number = 3,
  pages = {725-751},
  timestamp = {2008-02-22T00:00:00.000+0100},
  title = {Reconciling requirement-driven data warehouses with data sources via multidimensional normal forms.},
  volume = 63,
  year = 2007
}

@article{vassi,
  added-at = {2012-09-19T00:00:00.000+0200},
  author = {Vassiliadis, Panos and Sellis, Timos K.},
  biburl = {http://www.bibsonomy.org/bibtex/2fef76aa7e8349e619285e430e894a211/dblp},
  cdrom = {sigmodR/28-4/P064.pdf},
  cite = {conf/ssdbm/Vassiliadis98},
  ee = {http://doi.acm.org/10.1145/344816.344869},
  interhash = {6b26e6d42eb9ff61d3c7920adc9b1d62},
  intrahash = {fef76aa7e8349e619285e430e894a211},
  journal = {SIGMOD Record},
  keywords = {dblp},
  number = 4,
  pages = {64-69},
  timestamp = {2012-09-19T00:00:00.000+0200},
  title = {A Survey of Logical Models for OLAP Databases.},
  volume = 28,
  year = 1999
}

@article{peder,
  added-at = {2003-11-27T00:00:00.000+0100},
  author = {Pedersen, Torben Bach and Jensen, Christian S. and Dyreson, Curtis E.},
  biburl = {http://www.bibsonomy.org/bibtex/278e8b141082e9b4d17e7e448469e3a56/dblp},
  date = {2003-11-27},
  description = {dblp},
  ee = {http://dx.doi.org/10.1016/S0306-4379(01)00023-0},
  interhash = {15319c4a8b89e082df03199c5e387b99},
  intrahash = {78e8b141082e9b4d17e7e448469e3a56},
  journal = {Inf. Syst.},
  keywords = {dblp},
  number = 5,
  pages = {383-423},
  timestamp = {2003-11-27T00:00:00.000+0100},
  title = {A foundation for capturing and querying complex multidimensional data.},
  volume = 26,
  year = 2001
}

@article{progressive,
  added-at = {2008-02-22T00:00:00.000+0100},
  author = {Li, Hua-Gang and Yu, Hailing and Agrawal, Divyakant and Abbadi, Amr El},
  biburl = {http://www.bibsonomy.org/bibtex/287af29baaba118d186ab2a75f7d2d221/dblp},
  date = {2008-02-22},
  description = {dblp},
  ee = {http://dx.doi.org/10.1016/j.datak.2006.10.008},
  interhash = {35b61334614726cd381852ac5dbad28f},
  intrahash = {87af29baaba118d186ab2a75f7d2d221},
  journal = {Data Knowl. Eng.},
  keywords = {dblp},
  number = 1,
  pages = {4-25},
  timestamp = {2008-02-22T00:00:00.000+0100},
  title = {Progressive ranking of range aggregates.},
  volume = 63,
  year = 2007
}

@inproceedings{giorg,
  added-at = {2006-02-13T00:00:00.000+0100},
  author = {Giorgini, Paolo and Rizzi, Stefano and Garzetti, Maddalena},
  biburl = {http://www.bibsonomy.org/bibtex/275cc6a385cccf8f5efc7f617caf32274/dblp},
  booktitle = {DOLAP},
  crossref = {conf/dolap/2005},
  date = {2006-02-13},
  description = {dblp},
  editor = {Song, Il-Yeol and Trujillo, Juan},
  ee = {http://doi.acm.org/10.1145/1097002.1097011},
  interhash = {150e8407a134a15712b63968ab3edcba},
  intrahash = {75cc6a385cccf8f5efc7f617caf32274},
  isbn = {1-59593-162-7},
  keywords = {dblp},
  pages = {47-56},
  publisher = {ACM},
  timestamp = {2006-02-13T00:00:00.000+0100},
  title = {Goal-oriented requirement analysis for data warehouse design.},
  year = 2005
}

@article{zyk_pol,
  author = {Zykin, Sergey and Poluyanov, Andrey},
  title = {Multidimensional data building using Intermediate Representations.},
  journal = {Administration problems},
  year = 2013,
  number = 5,
  pages = {54-59}
}

%stream
@inproceedings{Olston03,
  added-at = {2010-07-21T16:12:39.000+0200},
  author = {Olston, Chris and Jiang, Jing and Widom, Jennifer},
  biburl = {http://www.bibsonomy.org/bibtex/2a7c96af252b76be912e1ee88fc677fd1/dblp},
  booktitle = {SIGMOD Conference},
  crossref = {conf/sigmod/2003},
  date = {2010-06-07},
  editor = {Halevy, Alon Y. and Ives, Zachary G. and Doan, AnHai},
  ee = {http://doi.acm.org/10.1145/872757.872825},
  interhash = {46e2930c1dbd24cbe5665d0c93c6ffd2},
  intrahash = {a7c96af252b76be912e1ee88fc677fd1},
  isbn = {1-58113-634-X},
  keywords = {dblp},
  pages = {563-574},
  publisher = {ACM},
  timestamp = {2010-07-21T16:12:39.000+0200},
  title = {Adaptive Filters for Continuous Queries over Distributed Data Streams.},
  year = 2003
}

@inproceedings{Denny05,
  added-at = {2006-03-28T00:00:00.000+0200},
  author = {Denny, Matthew and Franklin, Michael J.},
  biburl = {http://www.bibsonomy.org/bibtex/21318d3cdbef2fcc0c93e9d205134d384/dblp},
  booktitle = {SIGMOD Conference},
  crossref = {conf/sigmod/2005},
  date = {2006-03-28},
  description = {dblp},
  editor = {Özcan, Fatma},
  ee = {http://doi.acm.org/10.1145/1066157.1066231},
  interhash = {cf1e17cdc3e0fc20f7d8c6b0a05e367b},
  intrahash = {1318d3cdbef2fcc0c93e9d205134d384},
  isbn = {1-59593-060-4},
  keywords = {dblp},
  pages = {646-657},
  publisher = {ACM},
  timestamp = {2006-03-28T00:00:00.000+0200},
  title = {Predicate Result Range Caching for Continuous Queries.},
  year = 2005
}

%logic
@article{Afrati06,
  added-at = {2007-02-26T00:00:00.000+0100},
  author = {Afrati, Foto N. and Li, Chen and Mitra, Prasenjit},
  biburl = {http://www.bibsonomy.org/bibtex/2e3380356ba89be5087a933b63b0ea104/dblp},
  date = {2007-02-26},
  description = {dblp},
  ee = {http://dx.doi.org/10.1016/j.tcs.2006.08.020},
  interhash = {708a0de976c1d7b33e0f8be8ba49d3da},
  intrahash = {e3380356ba89be5087a933b63b0ea104},
  journal = {Theor. Comput. Sci.},
  keywords = {dblp},
  number = {1-2},
  pages = {88-123},
  timestamp = {2007-02-26T00:00:00.000+0100},
  title = {Rewriting queries using views in the presence of arithmetic comparisons.},
  volume = 368,
  year = 2006
}

%static approach
@inproceedings{baralis,
  author = {Baralis, Elena and Paraboschi, Stefano and Teniente, Ernest},
  title = {Materialized Views Selection in a Multidimensional Database},
  booktitle = {Proceedings of the 23rd International Conference on Very Large  Data Bases},
  series = {VLDB '97},
  year = {1997},
  isbn = {1-55860-470-7},
  pages = {156--165},
  numpages = {10},
  url = {http://dl.acm.org/citation.cfm?id=645923.671019},
  acmid = {671019},
  publisher = {Morgan Kaufmann Publishers Inc.},
  address = {San Francisco, CA, USA},
}

@inproceedings{gupta,
  added-at = {2009-09-22T00:00:00.000+0200},
  author = {Gupta, Himanshu},
  biburl = {http://www.bibsonomy.org/bibtex/299081129de01dd5c5e6d010d5ed4509d/dblp},
  booktitle = {ICDT},
  cdrom = {ICDT1997/P098.pdf},
  cite = {conf/sigmod/ZhugeGHW95},
  crossref = {conf/icdt/97},
  date = {2009-09-22},
  description = {dblp},
  editor = {Afrati, Foto N. and Kolaitis, Phokion G.},
  ee = {http://dx.doi.org/10.1007/3-540-62222-5_39},
  interhash = {239d7d502f7411308985dfc756095e1e},
  intrahash = {99081129de01dd5c5e6d010d5ed4509d},
  isbn = {3-540-62222-5},
  keywords = {dblp},
  pages = {98-112},
  publisher = {Springer},
  series = {Lecture Notes in Computer Science},
  timestamp = {2009-09-22T00:00:00.000+0200},
  title = {Selection of Views to Materialize in a Data Warehouse.},
  volume = 1186,
  year = 1997
}

@inproceedings{gupta-mumick,
  added-at = {2012-09-17T00:00:00.000+0200},
  author = {Gupta, Himanshu and Mumick, Inderpal Singh},
  biburl = {http://www.bibsonomy.org/bibtex/2c736fc5a09e6d147f353b304319b849c/dblp},
  booktitle = {ICDT},
  cite = {conf/sigmod/ZhugeGHW95},
  crossref = {conf/icdt/99},
  editor = {Beeri, Catriel and Buneman, Peter},
  ee = {http://dx.doi.org/10.1007/3-540-49257-7_28},
  interhash = {434f370548b1107bec18cff6736136ed},
  intrahash = {c736fc5a09e6d147f353b304319b849c},
  isbn = {3-540-65452-6},
  keywords = {dblp},
  pages = {453-470},
  publisher = {Springer},
  series = {Lecture Notes in Computer Science},
  timestamp = {2012-09-17T00:00:00.000+0200},
  title = {Selection of Views to Materialize Under a Maintenance Cost Constraint.},
  volume = 1540,
  year = 1999
}

%dynamic
@inproceedings{scheuermann,
  added-at = {2002-01-03T00:00:00.000+0100},
  author = {Scheuermann, Peter and Shim, Junho and Vingralek, Radek},
  biburl = {http://www.bibsonomy.org/bibtex/2165b255cdf394c14c783bed6d65cf91a/dblp},
  booktitle = {VLDB},
  cdrom = {VLDB96/P051.PDF},
  cite = {conf/cikm/Widom95},
  crossref = {conf/vldb/96},
  date = {2002-01-03},
  description = {dblp},
  editor = {Vijayaraman, T. M. and Buchmann, Alejandro P. and Mohan, C. and Sarda, Nandlal L.},
  ee = {db/conf/vldb/ScheuermannSV96.html},
  interhash = {08bd10db69df2fa12520201bd892d029},
  intrahash = {165b255cdf394c14c783bed6d65cf91a},
  isbn = {1-55860-382-4},
  keywords = {dblp},
  pages = {51-62},
  publisher = {Morgan Kaufmann},
  timestamp = {2002-01-03T00:00:00.000+0100},
  title = {WATCHMAN : A Data Warehouse Intelligent Cache Manager.},
  year = 1996
}

@inproceedings{shim,
  added-at = {2012-09-20T00:00:00.000+0200},
  author = {Shim, Junho and Scheuermann, Peter and Vingralek, Radek},
  biburl = {http://www.bibsonomy.org/bibtex/2944a3765916b1329227fe680243f3d81/dblp},
  booktitle = {SSDBM},
  cdrom = {DiSC2_1/out/papers/ssdbm/00460254.pdf},
  ee = {http://doi.ieeecomputersociety.org/10.1109/SSDM.1999.787641},
  interhash = {871a0a16da7bc322a2a8fd1d7ed716fa},
  intrahash = {944a3765916b1329227fe680243f3d81},
  keywords = {dblp},
  pages = {254-263},
  timestamp = {2012-09-20T00:00:00.000+0200},
  title = {Dynamic Caching of Query Results for Decision Support Systems.},
  year = 1999
}

@inproceedings{kalnis,
  added-at = {2012-09-14T00:00:00.000+0200},
  author = {Kalnis, Panos and Papadias, Dimitris},
  biburl = {http://www.bibsonomy.org/bibtex/28dd2917a27a525649fec576fcd4d8629/dblp},
  booktitle = {SIGMOD Conference},
  crossref = {conf/sigmod/2001},
  editor = {Mehrotra, Sharad and Sellis, Timos K.},
  ee = {http://doi.acm.org/10.1145/375663.375712},
  interhash = {0e95c0df82c4d036a7478b7d8e90d446},
  intrahash = {8dd2917a27a525649fec576fcd4d8629},
  isbn = {1-58113-332-4},
  keywords = {dblp},
  pages = {367-378},
  publisher = {ACM},
  timestamp = {2012-09-14T00:00:00.000+0200},
  title = {Proxy-Server Architectures for OLAP.},
  year = 2001
}

@article{chang,
  added-at = {2003-12-10T00:00:00.000+0100},
  author = {Park, Chang-Sup and Kim, Myoung-Ho and Lee, Yoon-Joon},
  biburl = {http://www.bibsonomy.org/bibtex/2787b15d60c43833922ceb1b101e7b13b/dblp},
  date = {2003-12-10},
  description = {dblp},
  ee = {http://dx.doi.org/10.1016/S0164-1212(02)00142-5},
  interhash = {51828d90d6a15b0a6ab79b097125131e},
  intrahash = {787b15d60c43833922ceb1b101e7b13b},
  journal = {Journal of Systems and Software},
  keywords = {dblp},
  number = 2,
  pages = {103-119},
  timestamp = {2003-12-10T00:00:00.000+0100},
  title = {Usability-based caching of query results in OLAP systems.},
  volume = 68,
  year = 2003
}

%domain
@article{Keller96,
  added-at = {2012-09-16T00:00:00.000+0200},
  author = {Keller, Arthur M. and Basu, Julie},
  biburl = {http://www.bibsonomy.org/bibtex/2ea67f79bb82da7c1546115a6e1c203d1/dblp},
  cdrom = {VLDBJ5/60050035.pdf},
  cite = {conf/vldb/WilkinsonN90},
  ee = {http://dx.doi.org/10.1007/s007780050014},
  interhash = {e34a1b70902fe8864119cbb7e0c1f9f8},
  intrahash = {ea67f79bb82da7c1546115a6e1c203d1},
  journal = {VLDB J.},
  keywords = {dblp},
  number = 1,
  pages = {35-47},
  timestamp = {2012-09-16T00:00:00.000+0200},
  title = {A Predicate-based Caching Scheme for Client-Server Database Architectures},
  volume = 5,
  year = 1996
}   
